%==============================================================================
%==============================================================================
%
% LaTex Header für diplLatex - eine Diplomarbeit in Latex
% Copyright Friedel Ziegelmayer
% basierend auf einer Vorlage aus der Arbeit 'Diplomarbeit mit LaTex'
% 3. August 2012
% letzte Änderungen 03.08.2012
%
% Diese Datei ist Teil des gesamt Paktes diplLatex.
% Hier kommen alle Literaturangaben rein
%
% Tipp: Um die fertigen Bibtexeinträge zu bekommen gehe auf 
% http://scholar.google.com. Dann unter Einstellungen Bibliografie-Manager ->
% "Links zum Importieren von Literaturhinweisen in BibTex anzeigen" aktivieren.
% Zurück auf der Suchansicht einfach Titel und Autor angeben und dann auf
% den Link unter dem passenden Sucherergebnis "In BibTex importieren" klicken
% und das angezeigte einfach kopieren
%
%
% Im Header wird derzeit eingestellt das nicht nur zitierte sondern alle
% Einträge im Literaturverzeichnis angezeigt werden. Um dies zu ändern 
% im Header einfach "\nocite{*}" auskommentieren
%
% Referenzieren wird mit "\cite{title}" gemacht.
%==============================================================================
%==============================================================================



% Beispiel für eine Artikel Resource
@Article{bass1983skorokhod,
  title={Skorokhod imbedding via stochastic integrals},
  author={Bass, R.},
  journal={S{\'e}minaire de Probabilit{\'e}s XVII 1981/82},
  pages={221--224},
  year=1983,
  publisher={Springer}
}

